@inproceedings{Gioioso_2014,
author={Gioioso, G. and Franchi, A. and Salvietti, G. and Scheggi, S. and Prattichizzo, D.},
booktitle={Proc. IEEE Int. Conf. on Robotics and Automation},
pages={4335-4341},
title={The flying hand: A formation of {UAVs} for cooperative aerial tele-manipulation},
year={2014},
month={May},
doi={10.1109/ICRA.2014.6907490}, 
}
@article{Wen_92,
author={Wen, J. and Kreutz-Delgado, K.},
journal={Automatica},
number={4},
pages={729-743},
title={Motion and Force Control of Multiple Robotic Manipulators},
volume={28},
year={1992}
}
@article{Hsu_93,
author={Hsu, P.},
journal={Robotics and Automation, IEEE Transactions on},
number={4},
pages={400-410},
title={Coordinated control of multiple manipulator systems},
volume={9},
year={1993}
}
@article{Hogan_84,
author={Hogan, N.},
journal={American Control Conference},
pages={304-313},
title={Impedance Control: An Approach to Manipulation},
year={1984},
month={June}
}
@article{Schneider_92,
author={Schneider, S.A. and Cannon, R.H.},
journal={Robotics and Automation, IEEE Transactions on},
number={3},
pages={383-394},
title={Object impedance control for cooperative manipulation: theory and experimental results},
volume={8},
year={1992}
}
@article{Bonitz_96,
author={Bonitz, R.G. and Hsia, T.C.},
journal={Robotics and Automation, IEEE Transactions on},
number={1},
pages={78-89},
title={Internal force-based impedance control for cooperating manipulators},
volume={12},
year={1996}
}
@article{Caccavale_01,
author={Caccvale, F. and Villani, L.},
journal={Advanced Intelligent Mechatronics, IEEE/ASME International Conference on},
pages={343-348},
title={An impedance control strategy for cooperative manipulation},
volume={1},
year={2001}
}
@article{Caccavale_08,
author={Caccavale, F. and Chiacchio, P. and Marino, A. and Villani, L.},
journal={Mechatronics, IEEE/ASME Transactions on},
number={5},
pages={576-586},
title={Six-DOF Impedance Control of Dual-Arm Cooperative Manipulators},
volume={13},
year={2008}
}
@article{Heck_13,
author={Heck, D. and Kostic, D. and Denasi, A. and Nijmeijer, H.},
journal={Control Conference (ECC), 2013 European},
pages={2299-2304},
title={Six-DOF Impedance Control of Dual-Arm Cooperative Manipulators},
year={2013},
month={July}
}
@article{DePascali_15,
author={De Pascali, L. and Erhart, S. and Zaccarian, L. and Biral, F. and Hirche, S.},
journal={Manuscript submitted for publication},
title={A Decoupling Scheme for Force Control in Cooperative Multi-Robot Manipulation Tasks},
year={2015},
}
@article{Sieber_15,
author={Sieber, D. and Music, S. and Hirche, S.},
journal={IEEE/RSJ International Conference on Intelligent Robots and Systems (IROS)},
title={Multi-robot manipulation controlled by a human with haptic feedback},
pages={2440-2446},
year={2015},
month={Sep}
}
@article{Wimboeck_06,
author={Wimboeck, T. and Ott, C. and Hirzinger, G.},
journal={IEEE/RSJ International Conference on Intelligent Robots and Systems (IROS)},
title={Passivity-based Object-Level Impedance Control for a Multifingered Hand},
pages={4621-4627},
year={2006},
month={Oct}
}
@article{Wimboeck_08,
author={Wimboeck, T. and Ott, C. and Hirzinger, G.},
journal={Robotics and Automation, IEEE International Conference on},
title={Analysis and experimental evaluation of the Intrinsically Passive Controller (IPC) for multifingered hands},
pages={278-284},
year={2008},
month={May}
}
@book{Stramigioli_01,
 author = {Stramigioli, Stefano},
 title = {Modeling and IPC Control of Interactive Mechanical Systems: A Coordinate-Free Approach},
 year = {2001},
 isbn = {1852333952},
 publisher = {Springer-Verlag London},
 address = {London, UK}
} 
@article{Erhart_15, 
	author={Erhart, S. and Hirche, S.}, 
	journal={Robotics, IEEE Transactions on}, 
	title={Internal Force Analysis and Load Distribution for 			Cooperative Multi-Robot Manipulation}, 
	year={2015}, 
	volume={31}, 
	number={5}, 
	pages={1238-1243}
}
@article{Erhart_15/2,
author={Erhart, S. and Hirche, S.},
journal={Manuscript submitted for publication},
title={Model and analysis of the interaction dynamics in cooperative manipulation tasks},
year={2015},
}
@article{Lee_05,
	author={Dongjun Lee and Spong, M.W.},
	journal={Robotics and Automation (ICRA), International 			Conference on},
	title={Bilateral Teleoperation of Multiple Cooperative 			Robots over Delayed Communication Networks: Theory},
	year={2005},
	pages={360-365},
	month={April}
}
@ARTICLE{Scheggi_14,
author={Scheggi, S. and Morbidi, F. and Prattichizzo, D.},
journal={Haptics, IEEE Transactions on},
title={Human-Robot Formation Control via Visual and Vibrotactile Haptic Feedback},
year={2014},
volume={7},
number={4},
pages={499-511},
month={Oct}
}

@incollection{Stramigioli_15,
year={2015},
booktitle={Mathematical Control Theory I},
volume={461},
series={Lecture Notes in Control and Information Sciences},
editor={Camlibel, M. K. and Julius, A. A. and Pasumarthy, R. and Scherpen, J.},
title={Energy-Aware Robotics},
publisher={Springer London},
author={Stramigioli, Stefano},
pages={37-50},
}
@online{MHI-MEISTeR,
author = {MHI, Ltd.},
title ={"MEISTeR" Remote Control Robot Completes Demonstration Testing At Fukushima Daiichi Nuclear Power Station},
url = {https://www.mhi-global.com/news/story/1402201775.html},
year = {2014},
note = {Press Information 1775, February 20, 2014; Online, accessed January 13, 2016},
}
@article{Lee_10, 
	author={Dongjun Lee and Ke Huang}, 
	journal={Robotics, IEEE Transactions on}, 
	title={Passive-Set-Position-Modulation Framework for Interactive Robotic Systems}, 
	year={2010}, 
	volume={26}, 
	number={2}, 
	pages={354-369}, 
	month={April},}
	
@incollection{Schaft_13, 
	year={2013},
	booktitle={Surveys in Differential-Algebraic Equations I},
	series={Differential-Algebraic Equations Forum},
	editor={Ilchmann, A. and Reis, T.},
	title={Port-Hamiltonian Differential-Algebraic Systems},
	publisher={Springer Berlin},
	author={van der Schaft, Arjan},
	pages={173-226},
}

@ARTICLE{Ortega_01,
author={R. Ortega and A. J. Van Der Schaft and I. Mareels and B. Maschke},
journal={IEEE Control Systems},
title={Putting energy back in control},
year={2001},
volume={21},
number={2},
pages={18-33},
doi={10.1109/37.915398},
ISSN={1066-033X},
month={Apr},}

@ARTICLE{Hogan_84b,
author={N. Hogan},
journal={IEEE Transactions on Automatic Control},
title={Adaptive control of mechanical impedance by coactivation of antagonist muscles},
year={1984},
volume={29},
number={8},
pages={681-690},
doi={10.1109/TAC.1984.1103644},
ISSN={0018-9286},
month={Aug},}

@INPROCEEDINGS{Tadele_14,
author={T. S. Tadele and T. J. A. de Vries and S. Stramigioli},
booktitle={2014 IEEE International Conference on Robotics and Automation (ICRA)},
title={Combining energy and power based safety metrics in controller design for domestic robots},
year={2014},
pages={1209-1214},
doi={10.1109/ICRA.2014.6907007},
month={May},}

@inproceedings{Geravand_16,
	author = {Geravand, M. and Shahriari, E. and De Luca, A. and Peer, A.}, 
	title = {{Port-based Modeling of Human-Robot Collaboration towards Safety-enhancing Energy Shaping Control}},
	booktitle = {2016 IEEE International Conference on Robotics and Automation},
	year = {2016},
	note = {accepted for publication},}