@misc{Elphinstone2014,
author = {Elphinstone, Kevin},
title = {{A Small Guide to Writing Your Thesis}},
url = {http://cgi.cse.unsw.edu.au/~kevine/thesisguide.html},
urldate = {18.02.2014},
year = {2014}
}
@article{Bloe_99,
author = {Bloe, Adam and Joe, Fred},
journal = {Math and other geeky stuff},
number = {1},
pages = {1--23},
title = {{Towards a unified solution of $x>y$}},
volume = {1},
year = {1999}
}
@article{Jay_87,
author = {Jay, D},
journal = {Journal of Solutions to Bounded Inputs},
number = {3},
pages = {66--99},
title = {{Applications of $x>y$ with respect to constraints in $y$ and bounded $x$}},
volume = {1},
year = {1999}
}
@article{ONeill_2000,
author = {O'Neill, James and Laurel, Stan and Hardy, Oliver},
journal = {Math and other geeky stuff},
number = {3},
pages = {56--87},
title = {{On the correctness of $x>y$: Limits in the case of $z>5$}},
volume = {5},
year = {2000}
}
@article{Buss_96,
author={Buss, M. and Hashimoto, H. and Moore, J.B.},
journal={Robotics and Automation, IEEE Transactions on},
number={3},
pages={406-418},
title={Dextrous hand grasping force optimization},
volume={12},
year={1996}
}
@article{Han_2000,
author={Han, L. and Trinkle, J.C. and Li, Z.X.},
journal={Robotics and Automation, IEEE Transactions on},
number={6},
pages={663-674},
title={Grasp analysis as linear matrix inequality problems},
volume={16},
year={2000}
}
@article{Bicchi_98,
author = {Bicchi, A. and Prattichizzo, D. and Antognetti, G.},
journal = {Proc. of the the 6th IEEE Mediterranean Conf. on Control and Systems},
number={6},
title = {Optimization of Internal Forces in Force-Closure Grasp},
volume={16},
year = {1998}
} 